%% This BibTeX bibliography file was created using BibDesk.
%% http://bibdesk.sourceforge.net/


%% Created for Hadley Wickham at 2005-12-19 11:40:24 -0600 


%% Saved with string encoding Western (ASCII) 



@conference{wilhelm:2005,
	Author = {Wilhelm, A.},
	Booktitle = {Handbook of statistics 24: Data mining and data visualisation},
	Date-Added = {2005-10-07 13:16:14 -0500},
	Date-Modified = {2005-10-07 13:17:08 -0500},
	Title = {Interactive statistical graphics: the paradigm of linked views},
	Year = {2005}}

@book{cleveland:1993,
	Author = {Cleveland, William},
	Date-Added = {2005-10-20 21:42:07 -0500},
	Date-Modified = {2005-10-20 21:43:15 -0500},
	Publisher = {Hobart Press},
	Title = {Visualizing data},
	Year = {1993},
}

@book{cleveland:1994,
	Author = {Cleveland, William},
	Date-Added = {2005-10-20 22:19:49 -0500},
	Date-Modified = {2005-10-20 22:24:39 -0500},
	Publisher = {Hobart Press},
	Title = {The Elements of Graphing Data},
	Year = {1994},
}

@conference{wickham:2005,
	Author = {Wickham, Hadley},
	Booktitle = {Proceedings of the 4th International Workshop on Directions in Statistical Computing},
	Date-Added = {2005-10-26 13:47:54 -0500},
	Date-Modified = {2005-12-15 16:02:48 -0600},
	Title = {Reshaping data in R},
	Year = {2005}}

@book{wilkinson:1999,
	Author = {Wilkinson, Leland},
	Date-Added = {2005-10-28 10:08:02 -0500},
	Date-Modified = {2005-10-28 10:09:50 -0500},
	Publisher = {Springer},
	Series = {Statistics and Computing},
	Title = {The Grammar of Graphics},
	Year = {1999}}

@Manual{sarkar:2005,
    title = {lattice: Lattice Graphics},
    author = {Deepayan Sarkar},
    year = {2005},
    note = {R package version 0.12-11},
}

@Manual{murrell:2005,
    title = {grid: Grid Graphics},
    author = {Paul Murrell},
    year = {2005},
    note = {R package version 2.2.0},
}
